@book{Griffiths2017,
  author    = {David J. Griffiths},
  title     = {Introduction to Quantum Mechanics},
  edition   = {2nd},
  year      = {2017},
  publisher = {Cambridge University Press},
  address   = {Cambridge},
  isbn      = {9781107179868},
  note      = {Reissue of the 2004 Pearson edition by Cambridge University Press}
}

@Book{Goldstein,
  author    = {Goldstein, Herbert and Safko, Charles P. Poole & John},
  publisher = {Pearson Dental},
  title     = {Classical Mechanics},
  isbn      = {9788131758915},
  pages     = {664},
}

@Comment{jabref-meta: databaseType:bibtex;}
